@MISC{dikh,
    author = {Roy Dyckhoff and Luis Pinto},
    title = {A Permutation-Free Sequent Calculus for Intuitionistic Logic.},
    year = {1996}
}

@inproceedings{intuit2015,
 author = {Claessen, Koen and Ros{\'e}n, Dan},
 title = {SAT Modulo Intuitionistic Implications},
 booktitle = {Proceedings of the 20th International Conference on Logic for Programming, Artificial Intelligence, and Reasoning - Volume 9450},
 series = {LPAR-20 2015},
 year = {2015},
 isbn = {978-3-662-48898-0},
 location = {Suva, Fiji},
 pages = {622--637},
 numpages = {16},
 url = {https://doi.org/10.1007/978-3-662-48899-7_43},
 doi = {10.1007/978-3-662-48899-7_43},
 acmid = {3089648},
 publisher = {Springer-Verlag New York, Inc.},
 address = {New York, NY, USA},
} 
